@book{rudin1987,
  title={Real And Complex Analysis},
  author={Rudin, Walter},
  year={1987},
  publisher={McGraw Hill-Book Co.},
  location={Singapore}
}

@book{rudin1976,
    title={Principles of Mathematical Analysis},
    author={Rudin, Walter},
    year={1976},
    publisher={McGraw Hill-Book Co.},
    edition={Third Edition},
    location={New York}
}

@book{rudin1991,
	title={Functional Analysis},
	author={Rudin, Walter},
	edition={International Edition},
	year={1991},
	publisher={McGraw-Hill, Inc.},
	location={Singapore}
}

@book{warner1983,
    title={Foundations of Differentiable Manifolds and Lie Groups},
    series={Graduate Texts in Mathematics},
    number={94},
    author={Warner, Frank W.},
    year={1983},
    publisher={Springer-Verlag Berlin Heidelberg GmbH},
    location={Berlin}
}

@book{hall2013,
    title={Quantum Theory for Mathematicians},
    series={Graduate Texts in Mathematics},
    number={267},
    author={Hall, Brian C.},
    year={2013},
    publisher={Springer},
    location={New York}
}

@book{maurin1976,
    title={Analysis. Part I: Elements.},
    author={Maurin, Krzysztof},
    year={1976},
    publisher={PWN - Polish Scientific Publishers},
    location={Warsaw}
}

@book{maurin1980,
    title={Analysis. Part II: Integration, Distributions, Holomorphic Functions, Tensor and Harmonic Analysis.},
    author={Maurin, Krzysztof},
    year={1980},
    publisher={PWN - Polish Scientific Publishers},
    location={Warsaw}
}

@book{breure-petruccione2002,
    title={The Theory of Open Quantum Systems},
    author={Breuer, Heinz-Peter and Petruccione, Francesco},
    publisher={Oxford University Press},
    year={2002},
    location={New York}
}

@book{nelson1967,
    title={Dynamical Theories of Brownian Motion},
    author={Edward Nelson},
    publisher={Princeton University Press},
    edition={Second edition, August 2001. Posted on the Web},
    year={1967},
    copyright={1967, by Princeton University Press}
}

@article{suppes1961,
 author = {Patrick Suppes},
 journal = {Philosophy of Science},
 number = {4},
 pages = {378--389},
 publisher = {[University of Chicago Press, Philosophy of Science Association]},
 title = {Probability Concepts in Quantum Mechanics},
 volume = {28},
 year = {1961}
}

@book{wald1984,
    title={General Relativity},
    author={Wald, Robert M.},
    publisher={The University of Chicago Press},
    location={Chicago},
    year={1984}
}

@article{gieres2000,
    title={Mathematical surprises and Dirac's formalism in quantum mechanics},
    author={Gieres, François},
    journal={Reports on Progress in Physics},
    volume={63},
    number={12},
    year={2000}
}

@book{teschl2014,
	title={Mathematical Methods in Quantum Mechanics: With Applications to Schrodiner Operators},
	author={Teschl, Gerald},
	edition={Second Edition},
	year={2014},
	series={Graduate studies in mathematics},
	volume={157},
	publisher={American Mathematical Society},
	location={United States of America}
}

@book{reed-simon1980,
	title={Methods of Modern Mathematical Physics. I: Functional Analysis},
	author={Reed, Michael and Barry, Simon},
	edition={Revised and Enlarged Edition},
	publisher={Academic Press, Inc.},
	year={1980},
	location={London}
}

@book{reed-simon1975,
	title={Methods of Modern Mathematical Physics. II: Fourier Analysis, Self-Adjointness},
	author={Reed, Michael and Barry, Simon},
	edition={Revised and Enlarged Edition},
	publisher={Academic Press, Inc.},
	year={1975},
	location={London}
}

@book{miklavcic1998,
	author = {Miklavcic, Milan},
	title = {Applied Functional Analysis and Partial Differential 		Equations},
	publisher = {Worl Scientific Publishing},
	year = {1998},
	location = {Singapore}
}

@book{kadison-ringrose1983_I,	
	title={Fundamentals of the theory of operator algebras. Volume I: Elementary Theory.},
	author={Kadison, Richard Y. and Ringrose, John R.},
	publisher={Academic Press, Inc.},
	year={1983},
	edition={United Kingdom},
	location={London}
}

@book{weidmann1980,
	title={Linear operators in Hilbert spaces},
	author={Weidmann, Joachim},
	publisher={Springer-Verlag New York Inc.},
	year={1980},
	series={Graduate texts in mathematics},
	number={68},
	location={New York}
}

@book{colley2012,
	title={Vector Calculus},
	author={Colley, Susan Jane},
	publisher={Pearson Education, Inc.},
	year={2012},
	location={United States of America},
	edition={4th}
}

@book{louisell1990,
	title={Quantum Statistical Properties of Radiation},
	author={Louisell, William H.},
	publisher={John Wiley and Sons. Inc.},
	year={1990},
	location={United States of America},
	edition={Wiley Classics Library Edition Published 1990}
}

@book{kim-noz1991,
	title={Phase Space Picture of Qunatum Mechanics; Group Theoretical Approach},
	author={Kim, I. S. and Noz, M. E.},
	series={Lecture Notes in Physics Serie},
	volume={40},
	publisher={World Scientific Publishing},
	year={1991},
	location={Signapore}
}

@article{moyal1949, 
	title={Quantum mechanics as a statistical theory}, 
	volume={45},
	number={1}, 
	journal={Mathematical Proceedings of the Cambridge Philosophical Society}, 
	publisher={Cambridge University Press}, 
	author={Moyal, J. E.}, 
	year={1949}, 
	pages={99–124}
}

@book{vonsovsky1975,
	title={Magnetism of Elementary Particles},
	author={Vonsovsky, S. V.},
	publisher={Mir Publishers},
	year={1975},
	location={Moscow}
}

@book{spivak1995,
	title={Calculus on Manifolds. A Modern Approach to Classical Theorems of Advanced Calculus},
	author={Spivak, Michael},
	publisher={Addision-Wesley Publishing Company},
	year={1995},
	location={United States of America}
}

@book{dauria-trigiante2012,
	title={From Special Relativity to Feynman Diagrams. A Course of Theoretical Particle
Physics for Beginners.},
	author={D’Auria, Riccardo and Trigiante, Mario},
	publisher={Springer-Verlag Italia},
	year={2012}
}

@book{shepherd2013,
	title={A Course in Theoretical Physics},
	author={Shepherd, P.J.},
	publisher={John Wiley \& Sons, Ltd.},
	year={2013}
}

@book{melissinos-napolitano2003,
	title={Experiments in Modern Physics},
	author={Melissionos, Adrian C. and Napolitano Jim},
	publisher={Academic Press, An imprint of Elsevier Science},
	year={2003}
}

@book{walter-greiner2001,
	title={Quantum Mechanics. An introduction.},
	author={Greiner, Walter},
	publisher={Springer-Verlag Berlin},
	edition={4th},
	location={Germany},
	year={2001}
}

@manual{mathematica2018,
	shorthand = {Mathematica 11.3},
	title={Mathematica 11.3, Walfram Research Inc.},
	note={Version: 11.3.0.0, Platform: Linux x86 (64-bit)},
}

@article{verolainen_nikolaich1982,
  author={Ya F Verolaĭnen and A Ya Nikolaich},
  title={Radiative lifetimes of excited states of atoms},
  journal={Soviet Physics Uspekhi},
  volume={25},
  number={6},
  pages={431},
  year={1982}
}

@article{dragic2008,
	author={Dragić, A},
	title={Measurement of cosmic ray muon flux in the Belgrade ground level and underground laboratories},
	journal={Nuclear Instruments and Methods in Physics Research, Section A: Accelerators, Spectrometers, Detectors and Associated Equipment},
	volume={591},
	issue={3},
	pages={470-475},
	year={2008}
}

@mastersthesis{kuo2010,
	author={Kuo, Yi-Hong},
	type={Bachelor's Thesis},
	title={Determination of the Angular Distribution of Cosmic Rays at Sea Level},
	school={Massachusetts Institute of Technology},
	month={June},
	year={2010}
}

@article{congresso-nazionale-astronomia2005,
  year={2005},
  location={Milano},
  title={The Contributions of Bruno B. Rossi to Particle Physics and Astrophysics},
  author={Clark, George W.},
  journal={Proceedings of Atti del
XXV Congresso Nazionale di Storia della Fisica e dell’Astronomia},
  pages={R1.1-R1.16}
}

@article{rossi1930,
	title={Method of Registering Multiple Simultaneous Impulses of Several Geiger's Counters},
	author={Rossi, Bruno},
	journal={Nature},
	volume={125},
	year={1930},
	day={26},
	month={April},
	pages={636}
}

@article{micu-hulubei2008,
author = {MICU, L and Hulubei, Horia},
year = {2008},
month = {01},
pages = {},
title = {ON THE TWO-BODY PROBLEM IN QUANTUM MECHANICS},
volume = {53},
journal = {Romanian Journal of Physics}
}

@book{lancaster-blundell2018,
author={Lancaster, Tom and Blundell, J. Stephen},
title={Quantum Field Theory for the Gifted Amateur},
publisher={Oxford University Press},
year={2018},
location={New York}
}

@book{desai2010,
title={Quantum Mechanics with Basic Field Theory},
author={Desai, Bipin R.},
publisher={Cambridge University Press},
year={2010},
location={New York}
}

@book{thomson2016,
title={Modern Particle Physics},
author={Mark Thomson},
publisher={Cambridge University Press},
year={2016},
location={New Delhi}
}

@article{bondar2012,
author = {Bondar, Denys and Cabrera, Renan and Lompay, Robert and Yu Ivanov, Misha and Rabitz, Herschel},
year = {2012},
month = {11},
pages = {190403},
title = {Operational Dynamic Modeling Transcending Quantum and Classical Mechanics},
volume = {109},
journal = {Physical review letters},
doi = {10.1103/PhysRevLett.109.190403}
}

@article{cabrera2019,
author = {Cabrera, Renan and Gontijo Campos, Andre and A. Rabitz, Herschel and Bondar, Denys},
year = {2019},
month = {01},
pages = {},
title = {Operational dynamical modeling of spin 1/2 relativistic particles: The Dirac equation and its classical limit},
volume = {227},
journal = {The European Physical Journal Special Topics},
doi = {10.1140/epjst/e2018-800075-7}
}

@article{gadella2003,
author = {Gadella, Manuel and Gómez, F},
year = {2003},
month = {01},
pages = {2225-2254},
title = {On the Mathematical Basis of the Dirac Formulation of Quantum Mechanics},
volume = {42},
journal = {International Journal of Theoretical Physics}
}

@article{madrid2005,
	year = 2005,
	month = {feb},
	publisher = {{IOP} Publishing},
	volume = {26},
	number = {2},
	pages = {287--312},
	author = {Rafael de la Madrid},
	title = {The role of the rigged Hilbert space in quantum mechanics},
	journal = {European Journal of Physics}
}

@book{georgiev2015,
	title={Theory of Distributions},
	author={Georgiev, Svetlin G.},
	publisher={Springer International Publishing Switzerland},
	year={2015},
	location={Switzerland}
}

@book{treves1970,
	title={Topological Vector Spaces, Distributions and Kernels},
	author={Treves, Francois},
	publisher={Academic Press},
	year={1970},
	location={London}
}

@book{gelfand1964,
	title={Generalized Functions},
	volume={4. Applications of Harmonic Analysis},
	author={Gel'fand, I. M. and Vilenkin, N. Ya.},
	year={1964},
	publisher={Academic Press},
	location={New York}
}

@book{sundermeyer2014,
	title={Symmetries in Fundamental Physics},
	author={Kurt Sundermeyer},
	year={2014},
	publisher={Springer Cham Heidelberg New York},
	location={New York}
}

@book{dirac1981,
	title={The Principles of Quantum Mechanics},
	author={Dirac, P.A.M.},
	year={1981},
	publisher={Oxford University Press},
	location={New York}
}

@book{dudley2002,
	title={Real Analysis and Probability},
	author={Dudley, R. M.},
	year={2002},
	publisher={Cambridge University Press},
	location={Cambridge}
}

@MISC {devito,
    TITLE = {Sub-determinants of an orthogonal matrix},
    AUTHOR = {Jason DeVito (https://math.stackexchange.com/users/331/jason-devito)},
    HOWPUBLISHED = {Mathematics Stack Exchange},
    NOTE = {URL:https://math.stackexchange.com/q/122735 (version: 2012-03-21)},
    EPRINT = {https://math.stackexchange.com/q/122735},
    URL = {https://math.stackexchange.com/q/122735}
}

@book{brown2003,
   title =     {Complex Variables and Applications},
   author =    {Brown, James Ward and Churchill, Ruel Vance},
   publisher = {McGraw-Hill Higher Education},
   year =      {2003},
   series =    {},
   edition =   {7},
   volume =    {}
}

@book{peskin1995,
   title =     {An Introduction to Quantum Field Theory},
   author =    {Peskin, Michael E. and Schroeder, Daniel V.},
   publisher = {CRC Press, Taylor \& Francis Group},
   year =      {1995},
}

@book{hall2015,
   title =     {Lie Groups, Lie Algebras, And Representations An Elementary Introduction},
   author =    {Hall, Brian},
   publisher = {Springer},
   year =      {2015},
   series =    {Graduate Texts in Mathematics},
   number =    {222},
   edition =   {2},
}